<record><leader>00000cas a2200000 a 4500</leader><controlfield tag="001">27407877</controlfield><controlfield tag="007">co ugu||||||||</controlfield><controlfield tag="008">930210c19uu9999ctuuu n q     0   a0eng  </controlfield><datafield ind1=" " ind2=" " tag="010"><subfield code="a">   93644251 </subfield></datafield><datafield ind1=" " ind2=" " tag="040"><subfield code="a">DLC</subfield><subfield code="b">eng</subfield><subfield code="c">DLC</subfield><subfield code="d">OCL</subfield><subfield code="d">OCLCQ</subfield><subfield code="d">NSD</subfield><subfield code="d">OCLCQ</subfield><subfield code="d">CUI</subfield><subfield code="d">OCLCQ</subfield><subfield code="d">OCLCO</subfield><subfield code="d">OCLCQ</subfield><subfield code="d">OCLCF</subfield><subfield code="d">OCLCQ</subfield></datafield><datafield ind1=" " ind2=" " tag="012"><subfield code="i">9302</subfield></datafield><datafield ind1="1" ind2=" " tag="022"><subfield code="a">1068-0489</subfield><subfield code="l">0886-4934</subfield><subfield code="2">1</subfield></datafield><datafield ind1=" " ind2=" " tag="037"><subfield code="b">NewsBank, inc., 58 Pine St., New Canaan, CT 06840</subfield></datafield><datafield ind1=" " ind2=" " tag="042"><subfield code="a">pcc</subfield><subfield code="a">nsdp</subfield></datafield><datafield ind1=" " ind2=" " tag="043"><subfield code="a">n-us-ca</subfield></datafield><datafield ind1="0" ind2="0" tag="050"><subfield code="a">AN</subfield></datafield><datafield ind1=" " ind2="4" tag="222"><subfield code="a">The Orange County register</subfield><subfield code="b">(CD-ROM)</subfield></datafield><datafield ind1="0" ind2="4" tag="245"><subfield code="a">The Orange County register.</subfield></datafield><datafield ind1=" " ind2=" " tag="260"><subfield code="a">New Canaan, CT :</subfield><subfield code="b">NewsBank</subfield></datafield><datafield ind1=" " ind2=" " tag="300"><subfield code="a">CD-ROMs ;</subfield><subfield code="c">4 3/4 in.</subfield></datafield><datafield ind1=" " ind2=" " tag="336"><subfield code="a">text</subfield><subfield code="b">txt</subfield><subfield code="2">rdacontent</subfield></datafield><datafield ind1=" " ind2=" " tag="337"><subfield code="a">computer</subfield><subfield code="b">c</subfield><subfield code="2">rdamedia</subfield></datafield><datafield ind1=" " ind2=" " tag="338"><subfield code="a">computer disc</subfield><subfield code="b">cd</subfield><subfield code="2">rdacarrier</subfield></datafield><datafield ind1="1" ind2=" " tag="490"><subfield code="a">CD news newspapers on CD ROM</subfield></datafield><datafield ind1=" " ind2=" " tag="500"><subfield code="a">At head of title: NewsBank CD news.</subfield></datafield><datafield ind1=" " ind2=" " tag="538"><subfield code="a">System requirements: CompuAdd computer; DOS; CD-ROM drive; Microsoft Extensions; monitor.</subfield></datafield><datafield ind1=" " ind2=" " tag="580"><subfield code="a">Contains full text of: Orange County register, with all articles fully indexed.</subfield></datafield><datafield ind1=" " ind2=" " tag="588"><subfield code="a">Description based on: 1987; title from title screen.</subfield></datafield><datafield ind1=" " ind2=" " tag="588"><subfield code="a">Latest issue consulted: Jan. 1987-Oct. 1992.</subfield></datafield><datafield ind1=" " ind2="0" tag="651"><subfield code="a">Orange County (Calif.)</subfield><subfield code="v">Newspapers.</subfield></datafield><datafield ind1=" " ind2="7" tag="651"><subfield code="a">California</subfield><subfield code="z">Orange County.</subfield><subfield code="2">fast</subfield><subfield code="0">(OCoLC)fst01206289</subfield></datafield><datafield ind1=" " ind2="7" tag="655"><subfield code="a">Newspapers.</subfield><subfield code="2">fast</subfield><subfield code="0">(OCoLC)fst01423814</subfield></datafield><datafield ind1="2" ind2=" " tag="710"><subfield code="a">NewsBank, inc.</subfield></datafield><datafield ind1="1" ind2=" " tag="776"><subfield code="t">Orange County register</subfield><subfield code="x">0886-4934</subfield><subfield code="w">(DLC)sn 85004712</subfield><subfield code="w">(OCoLC)12199155</subfield></datafield><datafield ind1=" " ind2="0" tag="830"><subfield code="a">CD news newspapers on CD ROM.</subfield></datafield><datafield ind1=" " ind2=" " tag="850"><subfield code="a">DLC</subfield></datafield><datafield ind1="1" ind2=" " tag="029"><subfield code="a">AU@</subfield><subfield code="b">000023341964</subfield></datafield></record>